%----------------------------------------------------------------------------------------
%	BOOK
%----------------------------------------------------------------------------------------

@book{pope:mvc,
author = "Glenn E. Krasner and Stephen T. Pope",
title = "A cookbook for using the model - view controller
user interface paradigm in Smalltalk - 80",
year = "1998",
address = "1550 Plymouth Street Mountain View"
}
@book{herron:nodejs,
author = "David Herron",
title = "Node Web Development (2nd Edidtion)",
publisher = " Packt Publishing Ltd",
year = "2013",
address = "UK"
}

@book{nodejs:definition,
title = "Professional Node.js",
author = "Pedro Teixeira",
publisher = "John Wiley & Sons, Inc",
year = "2013"
}

@book{lafore:oop,
author = "Robert Lafore",
title = "Object-Oriented Programming in C++, Fourth Edition",
publisher = " Sams Publishing",
year = "2002",
address = "800 East 96th St., Indianapolis, Indiana 46240 USA",
pages = "16--21"
}

@book{andrew:pragmatic,
author = "Andrew Hunt and David Thomas ",
title = "The Pragmatic Programmer: From Journeyman to Master",
publisher = " Addison Wesley",
year = "1999"
}
@book{holmes:gettingmean,
author = "Simon Holmes",
title = "Node Web Development (2nd Edidtion)",
publisher = "Getting MEAN with Mongo, Express, Angular, and Node. Man-
ning Publications Co",
year = "2013",
}

@book{waterfall:rumania,
author = " Stoica, M. and Mircea, M., and Ghilic-Micu, B.",
title = " Software Development: Agile vs. Traditional. Informatica Economica",
publisher = "Bucharest University of Economic Studies, Romania ",
year = "2013",
address = "Romania"
}

@book{unclebob:agile,
author = "Robert Cecil Martin",
title = "Agile Principles, Patterns, and Practices in C#",
year = "2006",
publisher = "Prentice Hall",
 pages = "155--156"
}

@book{unclebob:cleancode,
author = "Robert Cecil Martin",
title = " Clean code. A handbook of Agile Software Craftmanship",
year = "2009",
publisher = "Prentice Hall",
 pages = "155--156"
}

@book{swift:book,
author = "{Apple Inc.}",
title = " The Swift Programming Language",
year = "2014",
publisher = "Apple Inc",
 pages = "2--4"
}

@book{java:design,
author = "Kirk Knoernschild",
title = "Java Design: Objects, UML, and Process",
year = "2002",
}

@book{mit:definition,
author = "Lawrence Rosen",
title = "Open source licensing",
publisher = "Prentice Hall PTR",
year = "2004",
}

@book{smalltalk:definition,
title = "The Early History of Smalltalk",
author = {Alan Kay},
publisher = {ACM},
address = {New York},
year = 1996,

}

@techreport{architecture:architecsolution,
     title = "The Importance of Software Architecture",
     author = "{Architech Solutions}",
     pages = "2--5",
     url = "http://static.architech.ca/wp-content/uploads/2010/06/The-Importance-of-Software-Architecture.pdf",
     lastchecked = "April 5, 2017" 
}
%----------------------------------------------------------------------------------------
%	ARTICLE
%----------------------------------------------------------------------------------------


@article{statista:review,
  author = "Bonnie Swoger",
  title = {Ereviews: Statista | January 2012},
  url = {http://reviews.libraryjournal.com/2012/01/reference/ereviews/statista/},
  year = 2012
}

@article{typed:trait,
  author = "Fisher, Kathleen and Reppy, John",
  title = {A typed calculus of traits},
  url = {http://people.cs.uchicago.edu/~jhr/papers/2004/fool-traits.pdf},
  year = 2003
}

@techreport{intelliware:success,
  author = "Intelliware",
  title = {Next-Generation Mobile Apps – 7 Critical Success Factors },
  url = {http://i-proving.com/wp-content/uploads/2010/05/White-Paper-Next-Generation-Mobile+Apps-May2010.pdf},
  year = 2010
}

@article{blackbox:programming,
  author = "Werner Kuhn",
  title = "Paradigms of GIS use",
  url = {https://www.researchgate.net/profile/Werner_Kuhn/publication/239057784_Paradigms_of_GIS_Use/links/0f31753a87e49e4322000000.pdf},
  year = 1992
}

@article{libraries:usage,
  author = "Veronika Bauer and Lars Heinemann",
  title = {A Structured Approach to Assess Third-Party Library Usage},
  url = {http://www4.in.tum.de/~bauerv/docs/Bauer2012adequate.pdf},
  lastchecked = " April 4, 2017",

}


%----------------------------------------------------------------------------------------
%	WEB
%----------------------------------------------------------------------------------------

@online{market:prediction,
title = "The app economy could double to \$101 billion by 2020
",
author = "Dean Takahashi",
year = "2016",
url = "http://venturebeat.com/2016/02/10/the-app-economy-could-double-to-101b-by-2020-research-firm-says/",
}


@online{statista:num_app,
title = "Amount of App in Apple Store",
author = "Apple",
year = "2016",
url = "https://www.statista.com/statistics/263795/number-of-available-apps-in-the-apple-app-store/",
lastchecked = "January 2017"
}

@online{apple:mvc,
title = "Model-View-Controller",
author = "{Apple Inc.}",
year = "2015",
url = "https://developer.apple.com/library/content/documentation/General/Conceptual/DevPedia-CocoaCore/MVC.html",
lastchecked = "February 2017"
}

@online{microsoft:mvvm,
title = "The MVVM Pattern",
author = "{Microsoft}",
year = "2012",
url = "https://msdn.microsoft.com/en-us/library/hh848246.aspx",
lastchecked = "February 2017"
}

@online{medium:pattern,
title = "iOS Architecture Patterns",
author = "Bohdan Orlov",
year = "2015",
publisher = "Medium",
url = "https://medium.com/ios-os-x-development/ios-architecture-patterns-ecba4c38de52#.npqi3rbdc",
lastchecked = "February 3, 2017"
}

@online{pop:wwdc,
title = "Protocol-Oriented Programming in Swift",
author = "Dave Abrahams",
year = "2015",
publisher = "{Apple}",
url = "https://developer.apple.com/videos/play/wwdc2015/408/?time=483"
}

@online{apple:protocol,
title = "Protocols",
author = "Apple",
year = "2015",
publisher = "Apple",
url = "https://developer.apple.com/library/content/documentation/Swift/Conceptual/Swift_Programming_Language/Protocols.html"
}

@online{apple:extension,
title = "Extensions",
author = "Apple",
year = "2015",
publisher = "Apple",
url = "https://developer.apple.com/library/prerelease/content/documentation/Swift/Conceptual/Swift_Programming_Language/Extensions.html"
}

@online{machinethink:pattern,
title = "Mixins and traits in Swift 2.0",
author = "Matthijs Hollemans",
year = "2015",
publisher = "Matthijs Hollemans",
url = "http://machinethink.net/blog/mixins-and-traits-in-swift-2.0/",
lastchecked = " February 2017"
}

@online{roberto:nodejs,
title = "Comparing Node.js vs PHP Performance",
author = "Roberto Sanchez",
year = "2016",
lastchecked = "April 1, 2017",
url = "http://www.hostingadvice.com/blog/comparing-node-js-vs-php-performance/"
}

@online{apple:swift,
title = "Swift 3 - The powerful programming language that is also easy to learn.",
author = "{Apple Inc.}",
year = "April 1, 2017",
url = "https://developer.apple.com/swift/"
}

@online{market:report,
title = "Strategy Analytics: Subscription revenue forecast to grow from 3\% to 20\% of iOS app revenue by 2021",
author = "Joshua Martin",
year = "2015",
publisher = "{Strategy Analytics}",
url = "https://www.strategyanalytics.com/strategy-analytics/news/strategy-analytics-press-releases/strategy-analytics-press-release/2015/10/29/strategy-analytics-subscription-revenue-forecast-to-grow-from-3-to-20-of-ios-app-revenue-by-2021#.WMWMShKGOis"
}

@online{apple:design,
title = "iOS Human Interface Guidelines",
author = "{Apple Inc.}",
lastchecked = "April 1, 2017",
url = "https://developer.apple.com/ios/human-interface-guidelines/overview/design-principles/"
}

@online{ash:mvvm,
title = "MVVM in Swift",
author = "Ash Furrow",
lastchecked = "April 13, 2017",
url = "http://artsy.github.io/blog/2015/09/24/mvvm-in-swift/"
}

@online{natasha:popmvvm,
title = "Introduction to Protocol-Oriented MVVM",
author = "Natasha Murashev",
lastchecked = "April 18, 2017",
url = "https://news.realm.io/news/doios-natasha-murashev-protocol-oriented-mvvm/"
}

@online{marisi:pop,
title = "Protocol oriented loading of resources from a network service in Swift",
author = "{Marisi Brothers}",
lastchecked = "April 18, 2017",
url = "http://www.marisibrothers.com/2016/07/protocol-oriented-loading-of-resources.html"
}

@online{pop:uikit,
title = "iOS 9 Tutorial Series: Protocol-Oriented Programming with UIKit",
author = "Tyle Tillage",
lastchecked = "April 14, 2017",
published = "2015",
url = "http://www.captechconsulting.com/blogs/ios-9-tutorial-series-protocol-oriented-programming-with-uikit"
}

@online{groovy:trait,
title = "Groovy Documentation",
lastchecked = "April 24, 2017",
url = "http://docs.groovy-lang.org/next/html/documentation/core-traits.html"
}

@online{scala:trait,
title = "Scala Documentation",
lastchecked = "April 24, 2017",
url = "http://docs.scala-lang.org/tutorials/tour/traits.html"
}

@online{php:trait,
title = "PHP Documentation",
lastchecked = "April 24, 2017",
url = "http://php.net/manual/en/language.oop5.traits.php"
}

@online{nodejs:nonblocking,
author = "{Node.js Foundation}",
title = "Overview of Blocking vs Non-Blocking",
lastchecked = "April 24, 2017",
url = "https://nodejs.org/en/docs/guides/blocking-vs-non-blocking/"
}

@online{apple:storyboard,
title = "Cocoa Application Competencies for iOS",
author = "{Apple Inc.}",
year = "2013",
lastchecked = "April 25, 2017",
url = "https://developer.apple.com/library/content/documentation/General/Conceptual/Devpedia-CocoaApp/Storyboard.html"
}

@online{apple:lifecycle,
title = "App Programming Guide for iOS",
author = "{Apple Inc.}",
year = "2017",
lastchecked = "April 25, 2017",
url = "https://developer.apple.com/library/content/documentation/iPhone/Conceptual/iPhoneOSProgrammingGuide/TheAppLifeCycle/TheAppLifeCycle.html"
}

@online{json:definition,
title = "Introducing JSON",
lastchecked = "April 25, 2017",
url = "http://www.json.org/"
}

@online{interface:definition,
title = "Interfaces",
author = "{H. James de St. Germain}",
lastchecked = "April 25, 2017",
url = "http://www.cs.utah.edu/~germain/PPS/Topics/interfaces.html"
}

@online{microsoft:databinding,
title = "Data Binding Overview",
author = "{Microsoft}",
year = "2017",
lastchecked = "April 25, 2017",
url = "https://msdn.microsoft.com/en-us/library/ms752347(v=vs.110).aspx"
}

@online{apple:kvo,
title = "Key-Value Observing Programming Guide",
author = "{Apple Inc}",
year = "2016",
lastchecked = "April 25, 2017",
url = "https://developer.apple.com/library/content/documentation/Cocoa/Conceptual/KeyValueObserving/KeyValueObserving.html"
}

